@online{toposUU, 
  author  = {Ieke Moerdijk and Jaap van Oosten}, 
  file    = {:Users/Documents/Math/Notes/toposmoeder.pdf:pdf}, 
  title   = {{Topos Theory}}, 
  url     = {http://www.staff.science.uu.nl/~ooste110/syllabi/toposmoeder.pdf}, 
  urldate = {2015-09-15}, 
}